@Manual{R,
  title = {R: A Language and Environment for Statistical Computing},
  author = {{R Core Team}},
  organization = {R Foundation for Statistical Computing},
  address = {Vienna, Austria},
  year = {2012},
  note = {{ISBN} 3-900051-07-0},
  url = {http://www.R-project.org/},
}

@article{ihaka:1996,
  Author = {Ihaka, Ross and Gentleman, Robert},
	Journal = {Journal of Computational and Graphical Statistics},
	Number = 3,
	Pages = {299--314},
	Title = {R: A Language for Data Analysis and Graphics},
	Volume = 5,
	Year = 1996}

@misc{jaxa,
author = {{P-Tree System}},
year = {2020},
title = {{JAXA Himawari Monitor - User's Guide}},
url = {https://www.eorc.jaxa.jp/ptree/userguide.html},
urldate = {2020-05-21}
}

@misc{hotspots,
author = {Grant Williamson},
year = {2020},
title = {{Example code to generate animation frames of Himawari-8 hotspots}},
url = {https://gist.github.com/ozjimbob/80254988922140fec4c06e3a43d069a6},
urldate = {2020-05-21}
}

@incollection{kisilevich2009spatio,
  title={Spatio-temporal clustering},
  author={Kisilevich, Slava and Mansmann, Florian and Nanni, Mirco and Rinzivillo, Salvatore},
  booktitle={Data mining and knowledge discovery handbook},
  pages={855--874},
  year={2009},
  publisher={Springer}
}